@article{Grant:2015kw,
author={Grant, T. and Grigorieff, N.},
year={2015},
title={Measuring the optimal exposure for single particle cryo-EM using a 2.6 Å reconstruction of rotavirus VP6},
journal={eLife},
volume={4},
pages={e06980},
doi={10.7554/eLife.06980}
}

@article{Gatsogiannis:2013,
author={Gatsogiannis, C. and Lang, {A.E.} and Meusch, D. and Pfaumann, V. and Hofnagel, O. and Benz, R. and Aktories, K. and Raunser, S.},
year={2013},
title={A syringe-like injection mechanism in Photorhabdus luminescens toxins},
journal={Nature},
volume={495},
pages={520-523},
doi={10.1038/nature11987}
}

@article{Gatsogiannis:2016,
author={Christos Gatsogiannis and Felipe Merino and Daniel Prumbaum and Daniel Roderer and Franziska Leidreiter and Dominic Meusch and Stefan Raunser},
year={2016},
title={Membrane insertion of a Tc toxin in near-atomic detail},
journal={Nature Structural and Molecular Biology},
volume={23},
pages={884-890},
doi={10.1038/nsmb.3281}
}

@article{Penczek:2014ji,
author={Penczek, {P.A.} and Fang, J. and Li, X. and Cheng, Y. and Loerke, J. and Spahn, C.M.T.},
year={2014},
title={CTER-rapid estimation of CTF parameters with error assessment},
journal={Ultramicroscopy},
volume={140},
pages={9-19},
doi={10.1016/j.ultramic.2014.01.009}
}

@article{Yang:2012dv,
author={Yang, Z. and Fang, J. and Chittuluru, J. and Asturias, F.J. and Penczek, {P.A.}},
year={2012},
title={Iterative Stable Alignment and Clustering of 2D Transmission Electron Microscope Images},
journal={Structure/Folding and Design},
volume={20},
pages={237-247},
doi={10.1016/j.str.2011.12.007}
}

@article{Pettersen:2004kh,
author={Pettersen, E.F. and Goddard, T.D. and Huang, C.C. and Couch, G.S. and Greenblatt, D.M. and Meng, E.C. and Ferrin, T.E.},
year={2004},
title={UCSF Chimera?A visualization system for exploratory research and analysis},
journal={J. Comput. Chem},
volume={25},
pages={1605-1612},
doi={10.1002/jcc.20084}
}

@article{Meusch:2014jy,
author={Meusch, D. and Gatsogiannis, C. and Efremov, R.G. and Lang, A.E. and Hofnagel, O. and Vetter, I.R. and Aktories, K. and Raunser, S.},
year={2014},
title={Mechanism of Tc toxin action revealed in molecular detail},
journal={Nature},
volume={508},
pages={61-65},
doi={10.1038/nature13015}
}

@article{Scheres:2012fl,
author={Scheres, S.H.W. and Chen, S.},
year={2012},
title={Prevention of overfitting in cryo-EM structure determination},
journal={Nature Methods},
volume={9},
pages={853-854},
doi={10.1038/nmeth.2115}
}

@article{Penczek:2010me,
author={Penczek, {P.A.}},
year={2010},
title={Resolution measures in molecular electron microscopy},
journal={Methods in enzymology},
volume={482},
pages={73-100},
doi={10.1016/S0076-6879(10)82003-8}
}

@article{Hohn200747,
author = "Michael Hohn and Grant Tang and Grant Goodyear and P.R. Baldwin and Zhong Huang and Pawel A. Penczek and Chao Yang and Robert M. Glaeser and Paul D. Adams and Steven J. Ludtke",
title = "SPARX, a new environment for Cryo-EM image processing ",
year = "2007",
journal = "Journal of Structural Biology ",
volume = "157",
pages = "47 - 55",
doi = "http://dx.doi.org/10.1016/j.jsb.2006.07.003",
}

@article{Tang200738,
author = "Guang Tang and Liwei Peng and Philip R. Baldwin and Deepinder S. Mann and Wen Jiang and Ian Rees and Steven J. Ludtke",
year = "2007",
title = "EMAN2: An extensible image processing suite for electron microscopy ",
journal = "Journal of Structural Biology ",
volume = "157",
pages = "38 - 46",
doi = "http://dx.doi.org/10.1016/j.jsb.2006.05.009",
}

@article{JCC:JCC20084,
author = {Pettersen, Eric F. and Goddard, Thomas D. and Huang, Conrad C. and Couch, Gregory S. and Greenblatt, Daniel M. and Meng, Elaine C. and Ferrin, Thomas E.},
year = {2004},
title = {UCSF Chimera—A visualization system for exploratory research and analysis},
journal = {Journal of Computational Chemistry},
volume = {25},
pages = {1605--1612},
doi = {10.1002/jcc.20084},
}
